@book{newton1726philosophiae,
  author    = {Newton, I.},
  title     = {Philosophiae naturalis principia mathematica},
  publisher = {Innys},
  url       = {https://books.google.com/books?id=WeZ09rjv-1kC},
  year      = {1726}
}
